<record><leader>00000cas a22000007a 4500</leader><controlfield tag="001">14703242</controlfield><controlfield tag="008">861112d19191959txuwr ne      0    0eng d</controlfield><datafield ind1=" " ind2=" " tag="010"><subfield code="a">sn 86090086 </subfield></datafield><datafield ind1=" " ind2=" " tag="040"><subfield code="a">PPM</subfield><subfield code="b">eng</subfield><subfield code="c">PPM</subfield><subfield code="d">OCLCQ</subfield></datafield><datafield ind1=" " ind2=" " tag="042"><subfield code="a">msc</subfield></datafield><datafield ind1="0" ind2="4" tag="245"><subfield code="a">The Rusk cherokeean.</subfield></datafield><datafield ind1=" " ind2=" " tag="260"><subfield code="a">Rusk, Tex. :</subfield><subfield code="b">W.L. Martin</subfield></datafield><datafield ind1=" " ind2=" " tag="300"><subfield code="a">v. :</subfield><subfield code="b">ill.</subfield></datafield><datafield ind1=" " ind2=" " tag="310"><subfield code="a">Weekly</subfield></datafield><datafield ind1="1" ind2=" " tag="362"><subfield code="a">Began in 1919; ceased Apr. 16, 1959.</subfield></datafield><datafield ind1=" " ind2=" " tag="500"><subfield code="a">Assumed numbering of Press-Journal when it was absorbed March 9, 1923.</subfield></datafield><datafield ind1=" " ind2=" " tag="588"><subfield code="a">Description based on: Vol. 1, no. 7 (Aug. 22, 1919).</subfield></datafield><datafield ind1=" " ind2=" " tag="752"><subfield code="a">United States</subfield><subfield code="b">Texas</subfield><subfield code="c">Cherokee</subfield><subfield code="d">Rusk.</subfield></datafield><datafield ind1="0" ind2="5" tag="780"><subfield code="t">Press-journal (Rusk, Tex.)</subfield><subfield code="w">(DLC)sn 86088507</subfield></datafield><datafield ind1="0" ind2="0" tag="785"><subfield code="t">Cherokeean</subfield><subfield code="w">(DLC)sn 86090085</subfield></datafield></record>